@book{FarmerGlass2010,
	title={Building Web Reputation Systems},
	year={2010},
	publisher={O'Reilly}}
@techreport{HoffmanZageNita2007,
	title={A Survey of Attack and Defense Techniques for Reputation Systems},
	author={Kevin Hoffman, David Zage, Cristina Nita-Rotaru},
	year={2007},
	institution={Department of Computer Science and CERIAS},
	address={Purdue University 305 N. University St., West Lafayette, IN 47907 USA},
	number={CSD TR 07-013}
}

